%% This BibTeX bibliography file was created using BibDesk.
%% http://bibdesk.sourceforge.net/

%% Created for Clemens Grabow at 2017-05-20 10:44:10 +0200 

%% Saved with string encoding Unicode (UTF-8) 

@misc{WikiMinecraft,
	title = {Wikipedia/Minecraft},
	howpublished = {\url{https://de.wikipedia.org/wiki/Minecraft}},
	note = {Accessed: 2018-05-21}
}
